01,121140399,121140399,220519,0021,1,,,2/
02,,121140399,1,220518,,USD,2/
03,3302823419,USD,010,75673711,,,015,99620924,,/
88,040,75673711,,,045,99620924,,/
88,072,000,,,074,000,,/
88,100,25023972,1,,400,1076759,1,/
16,451,1076759,,47146,0/
88,VELOCITY GLOBAL EDI PAYMNT 00002700/74 D3456-00
16,142,25023972,,33561,0/
88,STRIPE TRANSFER ST-Y9Q8Z2E0K3T8 SENDLE USA INC
49,402790732,9/
98,402790732,1,11/
99,402790732,1,13/
