01,121140399,121140399,220624,0021,1,,,2/
02,,121140399,1,220623,,USD,2/
03,3302823419,USD,010,112609530,,,015,133868829,,/
88,040,112609530,,,045,133868829,,/
88,072,000,,,074,000,,/
88,100,21259299,2,,400,000,0,/
16,142,5814,,41055,0/
88,Shopify TRANSFER ST-R7E0F6P2S2H4 NED SIZER
16,142,21253485,,39521,0/
88,STRIPE TRANSFER ST-I0D7Q2V9A3I8 SENDLE USA INC
49,535475316,9/
98,535475316,1,11/
99,535475316,1,13/
