01,121140399,121140399,220630,0011,1,,,2/
02,,121140399,1,220629,,USD,2/
03,3302823419,USD,010,64418861,,,015,89122369,,/
88,040,64418861,,,045,89122369,,/
88,072,000,,,074,000,,/
88,100,24703508,2,,400,000,0,/
16,142,2149644,,72801,0/
88,KIDIZEN, INC Bill.com 016GUKGGD2A3VW0 Sendle
16,142,22553864,,41433,0/
88,STRIPE TRANSFER ST-D5K8B3Y8J2E4 SENDLE USA INC
49,356489476,9/
98,356489476,1,11/
99,356489476,1,13/
