01,121140399,121140399,220624,0021,1,,,2/
02,,121140399,1,220623,,USD,2/
03,3303387323,USD,010,20017120,,,015,120017120,,/
88,040,20017120,,,045,120017120,,/
88,072,000,,,074,000,,/
88,100,100000000,1,,400,000,0,/
16,206,100000000,,9916846,0/
88,BOOK TRANSFER CREDIT FROM ACCOUNT 3303389965
49,480068480,7/
98,480068480,1,9/
99,480068480,1,11/
