01,121140399,121140399,220709,0125,1,,,2/
02,,121140399,1,220708,,USD,2/
03,3302823419,USD,010,77392419,,,015,78179380,,/
88,040,77392419,,,045,78179380,,/
88,072,000,,,074,000,,/
88,100,786961,1,,400,000,0,/
16,142,786961,,52714,0/
88,STRIPE TRANSFER ST-P9H5V7U3M6L5 SENDLE USA INC
49,312717520,7/
98,312717520,1,9/
99,312717520,1,11/
