01,121140399,121140399,220701,0121,1,,,2/
02,,121140399,1,220630,,USD,2/
03,3302823419,USD,010,89122369,,,015,84137415,,/
88,040,89122369,,,045,84137415,,/
88,072,000,,,074,000,,/
88,100,109066,1,,400,5094020,1,/
16,142,109066,,50720,0/
88,STRIPE TRANSFER ST-K7U8S2H8N8G9 SENDLE USA INC
16,451,5094020,,4719,0/
88,Brex Inc. PAYMENTS BREXI7aOtFXEIb XXXXXX3419 - CHECKING
49,356925740,9/
98,356925740,1,11/
99,356925740,1,13/
