01,121140399,121140399,220608,0022,1,,,2/
02,,121140399,1,220607,,USD,2/
03,3302823419,USD,010,88074043,,,015,90935496,,/
88,040,88074043,,,045,90935496,,/
88,072,000,,,074,000,,/
88,100,2861453,2,,400,000,0,/
16,142,461453,,35920,0/
88,STRIPE TRANSFER ST-W2Y9O3G2N0Y3 SENDLE USA INC
16,142,2400000,,31818,0/
88,PF Ventures LLC PF Venture IJJLP54RR Sendle USA Inc
49,363741984,9/
98,363741984,1,11/
99,363741984,1,13/